@online{azimuth,
	organization={Urbit Foundation},
	title={Azimuth (Urbit ID)},
	url={https://docs.urbit.org/courses/hoon-school/C-azimuth},
	urldate={2024-08-24}
}
@online{curtis-tweet,
	author={\texttt{$\sim$sorreg-namtyv}},
	title={So maybe you have some Urbit questions... },
	date={2024-08-21},
	url={https://threadreaderapp.com/thread/1826372024002130061.html},
	urldate={2024-08-24},
}
@online{groundwire,
	author={\texttt{$\sim$tondes-sitrym}},
	title={GroundWire 01},
	date={2024-08-22},
	url={https://straylight.network/groundwire/groundwire-01},
	urldate={2024-08-24}
}
@online{hull,
	author={John C. Hull},
	title={Options, Futures, and Other Derivatives},
	year={2022 (11th edition)},
	edition={11},
	published={Pearson Education},
	isbn={978-1-292-41065-4},
}